@misc{ wikipedia_elo,
    author = "{Wikipedia contributors}",
    title = "Elo rating system --- {Wikipedia}{,} The Free Encyclopedia",
    year = "2023",
    note = "\url{https://en.wikipedia.org/w/index.php?title=Elo_rating_system&oldid=1185663969}",
}
@misc{ wikipedia_clt,
    author = "{Wikipedia contributors}",
    title = "Central limit theorem --- {Wikipedia}{,} The Free Encyclopedia",
    year = "2023",
    note = "\url{https://en.wikipedia.org/w/index.php?title=Central_limit_theorem&oldid=1188038646}",
}
