@misc{ wikipedia_elo,
    author = "{Wikipedia contributors}",
    title = "Elo rating system --- {Wikipedia}{,} The Free Encyclopedia",
    year = "2023",
    note = "\url{https://en.wikipedia.org/w/index.php?title=Elo_rating_system&oldid=1185663969}",
}
@misc{ wikipedia_implicit,
    author = "{Wikipedia contributors}",
    title = "Implicit function theorem --- {Wikipedia}{,} The Free Encyclopedia",
    year = "2023",
    note = "\url{https://en.wikipedia.org/w/index.php?title=Implicit_function_theorem&oldid=1181247577}",
}
